[gd_scene load_steps=14 format=2]

[ext_resource path="res://Assets/Needle-Animated.png" type="Texture" id=1]
[ext_resource path="res://Player/Player.gd" type="Script" id=2]
[ext_resource path="res://Assets/Needle-Exploding.png" type="Texture" id=3]
[ext_resource path="res://Assets/Needle_Death-short.wav" type="AudioStream" id=4]
[ext_resource path="res://Assets/laserSmall_001.ogg" type="AudioStream" id=5]

[sub_resource type="AtlasTexture" id=1]
flags = 4
atlas = ExtResource( 3 )
region = Rect2( 0, 0, 64, 64 )

[sub_resource type="AtlasTexture" id=2]
flags = 4
atlas = ExtResource( 3 )
region = Rect2( 64, 0, 64, 64 )

[sub_resource type="AtlasTexture" id=3]
flags = 4
atlas = ExtResource( 3 )
region = Rect2( 0, 64, 64, 64 )

[sub_resource type="AtlasTexture" id=4]
flags = 4
atlas = ExtResource( 3 )
region = Rect2( 64, 64, 64, 64 )

[sub_resource type="AtlasTexture" id=5]
flags = 4
atlas = ExtResource( 1 )
region = Rect2( 0, 0, 64, 64 )

[sub_resource type="AtlasTexture" id=6]
flags = 4
atlas = ExtResource( 1 )
region = Rect2( 64, 0, 64, 64 )

[sub_resource type="SpriteFrames" id=7]
animations = [ {
"frames": [ SubResource( 1 ), SubResource( 2 ), SubResource( 3 ), SubResource( 4 ), null ],
"loop": false,
"name": "Exploding",
"speed": 5.0
}, {
"frames": [ SubResource( 5 ), SubResource( 6 ) ],
"loop": true,
"name": "Idle",
"speed": 5.0
} ]

[sub_resource type="CapsuleShape2D" id=8]
radius = 5.34155
height = 42.0771

[node name="Player" type="KinematicBody2D"]
script = ExtResource( 2 )
__meta__ = {
"_edit_group_": true
}
bullet_speed = 500.0

[node name="AnimatedSprite" type="AnimatedSprite" parent="."]
frames = SubResource( 7 )
animation = "Idle"
playing = true

[node name="CollisionShape2D" type="CollisionShape2D" parent="."]
position = Vector2( 0, 6 )
shape = SubResource( 8 )

[node name="ExplodeSound" type="AudioStreamPlayer2D" parent="."]
stream = ExtResource( 4 )

[node name="LaserSound" type="AudioStreamPlayer2D" parent="."]
stream = ExtResource( 5 )
